<?xml version="1.0" encoding="utf-8"?>
<record xmlns="http://www.loc.gov/MARC21/slim" xmlns:xsi="http://www.w3.org/2001/XMLSchema-instance" xsi:schemaLocation="http://www.loc.gov/MARC21/slim http://www.loc.gov/standards/marcxml/schema/MARC21slim.xsd">
	<leader>     nam a22        4500</leader>
	<controlfield tag="001">2872212</controlfield>
	<controlfield tag="003">NNC</controlfield>
	<controlfield tag="006">m        d        </controlfield>
	<controlfield tag="007">cr cn |||m|||a</controlfield>
	<controlfield tag="008">161117m19579999ir      o     000 0 arar </controlfield>
	<datafield ind1=" " ind2=" " tag="040">
		<subfield code="a">NNU</subfield>
		<subfield code="b">eng</subfield>
		<subfield code="e">rda</subfield>
		<subfield code="c">NNU</subfield>
	</datafield>
	<datafield ind1=" " ind2="4" tag="050">
		<subfield code="a">BP130.4</subfield>
		<subfield code="b">T8 1957</subfield>
	</datafield>
	<datafield ind1="1" ind2=" " tag="100">
		<subfield code="6">880-01</subfield>
		<subfield code="a">Ṭūsī, Muḥammad ibn al-Ḥasan,</subfield>
		<subfield code="d">995-1067?</subfield>
	</datafield>
	<datafield ind1="1" ind2="3" tag="245">
		<subfield code="6">880-02</subfield>
		<subfield code="a">al-Tibyān fī tafsīr al-Qurʼān /</subfield>
		<subfield code="c">taʼlīf Abī Jaʻfar Muḥammad ibn al-Ḥasan al-Ṭūsī ; qaddama la-hu Aghā Bazrak al-Ṭihrānī.</subfield>
	</datafield>
	<datafield ind1="1" ind2="4" tag="246">
		<subfield code="a">Tafsīr al-tibyān</subfield>
	</datafield>
	<datafield ind1=" " ind2=" " tag="260">
		<subfield code="6">880-03</subfield>
		<subfield code="a">al-Najaf :</subfield>
		<subfield code="b">al-Maṭbaʻah al-ʻIlmīyah,</subfield>
		<subfield code="c">1957-</subfield>
	</datafield>
	<datafield ind1=" " ind2=" " tag="300">
		<subfield code="a">online resource (volumes &lt;1&gt;)</subfield>
	</datafield>
	<datafield ind1=" " ind2=" " tag="336">
		<subfield code="a">text</subfield>
		<subfield code="2">rdacontent</subfield>
	</datafield>
	<datafield ind1=" " ind2=" " tag="337">
		<subfield code="a">computer</subfield>
		<subfield code="2">rdamedia</subfield>
	</datafield>
	<datafield ind1=" " ind2=" " tag="338">
		<subfield code="a">online resource</subfield>
		<subfield code="2">rdacarrier</subfield>
	</datafield>
	<datafield ind1=" " ind2=" " tag="500">
		<subfield code="a">PRIORITY 2.</subfield>
	</datafield>
	<datafield ind1=" " ind2=" " tag="500">
		<subfield code="a">ARPE.</subfield>
	</datafield>
	<datafield ind1=" " ind2=" " tag="500">
		<subfield code="a">Part of the Arabic Collections Online (ACO) project, contributed by Columbia University Libraries.</subfield>
	</datafield>
	<datafield ind1=" " ind2=" " tag="533">
		<subfield code="a">Electronic reproduction.</subfield>
		<subfield code="b">New York, N.Y. :</subfield>
		<subfield code="c">New York University,</subfield>
		<subfield code="d">2016.</subfield>
		<subfield code="5">NNU</subfield>
	</datafield>
	<datafield ind1="0" ind2="0" tag="630">
		<subfield code="a">Qurʼan</subfield>
		<subfield code="v">Commentaries.</subfield>
	</datafield>
	<datafield ind1="0" ind2="7" tag="630">
		<subfield code="a">Qurʼan.</subfield>
		<subfield code="2">fast</subfield>
		<subfield code="0">(OCoLC)fst01842877</subfield>
	</datafield>
	<datafield ind1=" " ind2="7" tag="655">
		<subfield code="a">Commentaries.</subfield>
		<subfield code="2">fast</subfield>
		<subfield code="0">(OCoLC)fst01423723</subfield>
	</datafield>
	<datafield ind1="1" ind2=" " tag="700">
		<subfield code="6">880-04</subfield>
		<subfield code="a">Āghā Buzurg al-Ṭihrānī, Muḥammad Muḥsin,</subfield>
		<subfield code="d">1875-1970.</subfield>
	</datafield>
	<datafield ind1="2" ind2=" " tag="710">
		<subfield code="a">Columbia University.</subfield>
		<subfield code="b">Libraries.</subfield>
	</datafield>
	<datafield ind1="0" ind2=" " tag="730">
		<subfield code="a">Arabic Collections Online.</subfield>
	</datafield>
	<datafield ind1="0" ind2="8" tag="776">
		<subfield code="i">Online version:</subfield>
		<subfield code="a">Ṭūsī, Muḥammad ibn al-Ḥasan, 995-1067?</subfield>
		<subfield code="t">Tibyān fī tafsīr al-Qurʼān.</subfield>
		<subfield code="d">al-Najaf : al-Maṭbaʻah al-ʻIlmīyah, 1957-</subfield>
		<subfield code="w">(OCoLC)607772412</subfield>
	</datafield>
	<datafield ind1="0" ind2="8" tag="776">
		<subfield code="i">Print version:</subfield>
		<subfield code="a">Ṭūsī, Muḥammad ibn al-Ḥasan, 995-1067?</subfield>
		<subfield code="t">al-Tibyān fī tafsīr al-Qurʼān</subfield>
		<subfield code="w">(NNC)2872212</subfield>
		<subfield code="w">(DLC)   91963302 </subfield>
		<subfield code="w">(OCoLC)81682189</subfield>
	</datafield>
	<datafield ind1="4" ind2="0" tag="856">
		<subfield code="u">http://hdl.handle.net/2333.1/qrfj6vgc</subfield>
	</datafield>
	<datafield ind1="1" ind2=" " tag="880">
		<subfield code="6">100-01/r</subfield>
		<subfield code="a">طوسي، محمد بن الحسن،  </subfield>
		<subfield code="d">995-1067?</subfield>
	</datafield>
	<datafield ind1="1" ind2="2" tag="880">
		<subfield code="6">245-02/r</subfield>
		<subfield code="a">التبيان في تفسير القرآن /</subfield>
		<subfield code="c">تأليف أبي جعفر محمد بن الحسن الطوسي ؛ قدم له آغا بزرك الطهراني.</subfield>
	</datafield>
	<datafield ind1="1" ind2="4" tag="880">
		<subfield code="6">246-00/r</subfield>
		<subfield code="a">تفسير التبيان</subfield>
	</datafield>
	<datafield ind1=" " ind2=" " tag="880">
		<subfield code="6">260-03/r</subfield>
		<subfield code="a">النجف :</subfield>
		<subfield code="b">المطبعة العلمية،</subfield>
		<subfield code="c">1957-</subfield>
	</datafield>
	<datafield ind1="1" ind2=" " tag="880">
		<subfield code="6">700-04/r</subfield>
		<subfield code="a">آغا بزر? الطهراني، محمد محسن، </subfield>
		<subfield code="d">1875-1970.</subfield>
	</datafield>
	<datafield ind1=" " ind2=" " tag="959">
		<subfield code="a">NNU</subfield>
		<subfield code="b">WEB</subfield>
		<subfield code="c">GENI</subfield>
		<subfield code="t">0</subfield>
		<subfield code="m">Electronic access</subfield>
		<subfield code="s">01</subfield>
	</datafield>
	<datafield ind1=" " ind2=" " tag="999">
		<subfield code="i">NNC_2872212</subfield>
		<subfield code="o">(OCoLC)ocm81682189</subfield>
		<subfield code="s">columbia_aco002172:v. 1</subfield>
		<subfield code="s">columbia_aco002173:v.2</subfield>
		<subfield code="s">columbia_aco002174:v.3</subfield>
		<subfield code="s">columbia_aco002175:v.4</subfield>
		<subfield code="s">columbia_aco002176:v.5</subfield>
		<subfield code="s">columbia_aco002177:v.7</subfield>
		<subfield code="s">columbia_aco002178:v.8</subfield>
		<subfield code="s">columbia_aco002179:v.9</subfield>
		<subfield code="s">columbia_aco002180:v.10</subfield>
		<subfield code="e">(ERROR-880)</subfield>
		<subfield code="s">columbia_aco002172:v. 1</subfield>
		<subfield code="s">columbia_aco002173:v.2</subfield>
		<subfield code="s">columbia_aco002174:v.3</subfield>
		<subfield code="s">columbia_aco002175:v.4</subfield>
		<subfield code="s">columbia_aco002176:v.5</subfield>
		<subfield code="s">columbia_aco002177:v.7</subfield>
		<subfield code="s">columbia_aco002178:v.8</subfield>
		<subfield code="s">columbia_aco002179:v.9</subfield>
		<subfield code="s">columbia_aco002180:v.10</subfield>
	</datafield>
</record>
